@book{bm,
  title={GIS for Enhanced Electric Utility Performance},
  author={Meehan, Bill},
  year={2013},
  publisher={Artech House}
}

@book{ab,
  title={Handbook of power quality},
  author={Baggini, Angelo B and others},
  year={2008},
  publisher={Wiley Online Library}
}

@article{basso2004ieee,
  title={IEEE 1547 series of standards: interconnection issues},
  author={Basso, Thomas S and DeBlasio, Richard},
  journal={IEEE Transactions on Power Electronics},
  volume={19},
  number={5},
  pages={1159--1162},
  year={2004},
  publisher={IEEE}
}

@article{manfren2011paradigm,
  title={Paradigm shift in urban energy systems through distributed generation: Methods and models},
  author={Manfren, Massimiliano and Caputo, Paola and Costa, Gaia},
  journal={Applied Energy},
  volume={88},
  number={4},
  pages={1032--1048},
  year={2011},
  publisher={Elsevier}
}

@inproceedings{su2009comparative,
  title={Comparative analysis of voltage control strategies in distribution networks with distributed generation},
  author={Su, CL},
  booktitle={2009 IEEE Power \& Energy Society General Meeting},
  pages={1--7},
  year={2009},
  organization={IEEE}
}

@inproceedings{kojovic2002impact,
  title={Impact DG on voltage regulation},
  author={Kojovic, Ljubomir},
  booktitle={IEEE Power Engineering Society Summer Meeting,},
  year={2002}
}

@article{deshmukh2012voltage,
  title={Voltage/VAR control in distribution networks via reactive power injection through distributed generators},
  author={Deshmukh, Siddharth and Natarajan, Balasubramaniam and Pahwa, Anil},
  journal={IEEE Transactions on smart grid},
  volume={3},
  number={3},
  pages={1226--1234},
  year={2012},
  publisher={IEEE}
}

@article{mahmud2016review,
  title={Review of control strategies for voltage regulation of the smart distribution network with high penetration of renewable distributed generation},
  author={Mahmud, Nasif and Zahedi, A},
  journal={Renewable and Sustainable Energy Reviews},
  volume={64},
  pages={582--595},
  year={2016},
  publisher={Elsevier}
}

@book{grainger1996analisis,
  title={An{\'a}lisis de sistemas de potencia},
  author={Grainger, John J STEVENSON and Lea, Susan M BURKE and ROBERT, JOHN and Halliday, DavidResnick and Halliday, RobertDavid and Resnick, Robert and Terman, Frederick EmmonsPettit and Mayo, Joseph and Kip, Arthur F and Jose, L and others},
  year={1996},
  publisher={Pirelli}
}

@book{baggini2008handbook,
  title={Handbook of power quality},
  author={Baggini, Angelo B and others},
  year={2008},
  publisher={Wiley Online Library}
}

@article{strbac2002integration,
  title={Integration of operation of embedded generation and distribution networks},
  author={Strbac, Goran and Jenkins, Nick and Hird, Martin and Djapic, Predrag and Nicholson, Guy},
  journal={University of Manchester Institute of Science and Technology (UMIST)},
  year={2002}
}

@article{mago2009performance,
  title={Performance analysis of CCHP and CHP systems operating following the thermal and electric load},
  author={Mago, PJ and Fumo, N and Chamra, LM},
  journal={International Journal of Energy Research},
  volume={33},
  number={9},
  pages={852--864},
  year={2009},
  publisher={Wiley Online Library}
}

@TechReport{upme2015generacion,
author = {UPME},
title = {Plan de expansión de referencia  generación transmisión 2015-2029},
institution = {UPME},
year = {2015}
}

@article{novakovic2015introduction,
  title={Introduction to electrical energy systems},
  author={Novakovic, Bora and Nasiri, Adel},
  journal={Electric Renewable Energy Systems},
  pages={1},
  year={2015},
  publisher={Academic Press}
}

@TechReport{UPME2015Plan,
author = {UPME},
title = {PLAN DE EXPANSIÓN DE REFERENCIA GENERACIÓN – TRANSMISIÓN 2015 – 2029},
institution = {Uidad de Planeacion Minero Energetica - UPME},
year = {2015},
OPTkey = {•},
OPTtype = {•},
OPTnumber = {•},
OPTaddress = {http://www.upme.gov.co/Docs/Plan_Expansion/2016/Plan_Expansion_GT_2015-2029/Plan_GT_2015-2029_VF_22-12-2015.pdf},
OPTmonth = {•},
OPTnote = {•},
OPTannote = {•}
}


@online{usa2016renewable,
author = {The Department of Energy's Office of Electricity Delivery and Energy Reliability},
title = {Renewable Energy},
year = {2016},
url = {www.smartgrid.gov/the_smart_grid/renewable_energy.html},
}

@online{usa2016smartgrid,
author = {The Department of Energy's Office of Electricity Delivery and Energy Reliability},
title = {the smart grid smart grid},
year = {2016},
url = {www.smartgrid.gov/the_smart_grid/smart_grid.html},
}

@online{eia2016,
author = {U.S. Energy 	Information Administration},
title = {Electricity Data Browser},
year = {2016},
url = {https://www.eia.gov/totalenergy/data/browser/index.php?tbl=T10.01#/?f=M&start=200001},
}


@article{puttgen2003distributed,
  title={Distributed generation: Semantic hype or the dawn of a new era?},
  author={Puttgen, Hans B and Macgregor, Paul R and Lambert, Frank C},
  journal={IEEE power and energy magazine},
  volume={1},
  number={1},
  pages={22--29},
  year={2003},
  publisher={IEEE}
}

@article{kigen2012optimising,
  title={Optimising Voltage Profile of Distribution Networks with Distributed Generation},
  author={Kigen, Christopher and Odero, Nicodemus Abungu},
  journal={International Journal of Emerging Technology and},
  year={2012}
}

@inproceedings{nguyen2015new,
  title={A new distributed algorithm for integrated volt-VAR control in smart grids},
  author={Nguyen, Cuong P and Flueck, Alexander J},
  booktitle={2015 IEEE Power \& Energy Society General Meeting},
  pages={1--5},
  year={2015},
  organization={IEEE}
}

@article{zhang2016agent,
  title={Agent-based distributed volt/var control with distributed power flow solver in smart grid},
  author={Zhang, Xu and Flueck, Alexander J and Nguyen, Cuong P},
  journal={IEEE Transactions on Smart Grid},
  volume={7},
  number={2},
  pages={600--607},
  year={2016},
  publisher={IEEE}
}

@article{chanda2015implementation,
  title={Implementation of non-intrusive energy saving estimation for Volt/VAr control of smart distribution system},
  author={Chanda, S and Shariatzadeh, F and Srivastava, A and Lee, E and Stone, W and Ham, J},
  journal={Electric Power Systems Research},
  volume={120},
  pages={39--46},
  year={2015},
  publisher={Elsevier}
}

@article{dulzaides2004analisis,
  title={An{\'a}lisis documental y de informaci{\'o}n: dos componentes de un mismo proceso},
  author={Dulzaides Iglesias, Mar{\'\i}a Elinor and Molina G{\'o}mez, Ana Mar{\'\i}a},
  journal={Acimed},
  volume={12},
  number={2},
  pages={1--1},
  year={2004},
  publisher={2000, Editorial Ciencias Medicas}
}

@misc{botero2000consuelo,
  title={Consuelo, Un modelo para la investigaci{\'o}n documental},
  author={Botero, HOYOS},
  year={2000},
  publisher={Editorial, Medell }
}

@article{palacioguia,
  title={GUIA PARA CONSTRUIR ESTADOS DEL ARTE},
  author={Palacio, Olga Lucia Londoño and Granados, Luis Facundo Maldonado and Villafañez, Liccy Catalina Calderon}
}


@article{sarfi2011making,
  title={Making the smart grid work for community energy delivery},
  author={Sarfi, Robert J and Tao, Michael K and Gemoets, Leopoldo},
  journal={Information Polity},
  volume={16},
  number={3},
  pages={277--291},
  year={2011},
  publisher={IOS Press}
}

@book{northcote2006control,
  title={Control and automation of electrical power distribution systems},
  author={Northcote-Green, James and Wilson, Robert G},
  volume={28},
  year={2006},
  publisher={CRC Press}
}

@misc{icontec20041340,
  title={1340: Tensiones y frecuencia nominales en sistemas de energ{\'\i}a el{\'e}ctrica en redes de servicio p{\'u}blico},
  author={ICONTEC, NTC},
  year={2004},
  publisher={Instituto Colombiano de Normas T{\'e}cnicas y Certificaci{\'o}n (ICONTEC), Bogot{\'a} DC}
}

@article{trebolle2012control,
  title={El control de tensi{\'o}n en redes de distribuci{\'o}n con Generaci{\'o}n Distribuida (I)},
  author={Trebolle Trebolle, David and Fr{\'\i}as Mar{\'\i}n, Pablo and Ortega, Maza and Mar{\'\i}a, Jos{\'e} and Mart{\'\i}nez Ramos, Jos{\'e} Luis},
  year={2012}
}

@TechReport{Contreras2009XM,
author = {Contreras Franky},
title = {Generación Distribuida: ¿mito o realidad?},
institution = {XM},
year = {2009},
}

@article{Tang2017,
	author = {Zhiyuan Tanga, David J. Hilla,b, Tao Liua},
	title = {Two-stage voltage control of subtransmission networks with high
	penetration of wind power},
	journaltitle = {Control Engineering Practice},
	date = {2017}
	keyworks  = {Coordinated voltage control,
	Demand response,
	Model predictive control,
	Distributed control,
	Subtransmission system,
	Wind power
	}
	
}

@article{Bollen2008,
	author = {M. H. J. Bollen, Y. Yang and F. Hassan},
	title = {Integration of distributed generation in the power system - a power quality approach},
	journaltitle = {2008 13th International Conference on Harmonics and Quality of Power},
	date = {2008},
	
}

@book{IEC60214,
	author = {IEC},
	title = {Tap-changers Part 1: Performance requirements and test methods},
	date = {2014},
	isbn = {9782832216217}
}

@article{GSGF2015,
    author = {Glogal Smart Grid Federacion GSGF},
    title = {Report power grid electrical energy  storage Jan 2016 },
    file = {:home/alejandro/ide{\_}usb/maestria/investigacion/mendeley{\_}jornal{\_}portatil/Unknown/Unknown/Unknown - G s g f r e p o r t p o w e r {\_} g r i d {\_} e l e c t r i c a l {\_} e n e r g y {\_} s t o r a g e j a n {\_} 2 0 1 6 - Unknown.pdf:pdf},
    mendeley-groups = {200}
}
